@article{Pasor2018,
title = {{Raspberry Pi 3 B+, an{\'{a}}lisis: review con caracter{\'{i}}sticas, precio y especificaciones}},
author = {Pasor, Javier},
year = {2018},
journal = "url{https://www.xataka.com/ordenadores/raspberry-pi-3-model-b-analisis-mas-potencia-y-mejor-wifi-para-un-minipc-que-sigue-asombrando}"
}

@article{Adafruit2020,
title = {{Adafruit Ultimate GPS v3}},
year = {2020},
author = {Adafruit},
keywords = {lady ada},
journal = 
"url{https://learn.adafruit.com/adafruit-ultimate-gps/}"
}

@misc{charkster/spi_slave_verilog_2020,
journal={GitHub}, 
year={2020},
author = {Charkster},
howpublished ="url{https://github.com/charkster/spi\_slave\_verilog}"
}

@misc{HP03SDatasheet,
    title = {{HP03S datasheet}},
    year={2020},
    author={Hoperf},
    howpublished = "url{https://datasheetspdf.com/pdf-file/748092/HOPERF/HP03S/1}"
    }

@misc{IcoBoard,
    title = {{icoBoard}},
    year = {2020},
    author = {Icoboard},
    howpublished = "url{http://icoboard.org/}"
   }

@article{LatticeSemiconductor2017,
    title = {{DS1040 - iCE40 LP/HX Family Data Sheet}},
    year = {2017},
    author = {{Lattice Semiconductor}},
    number = {October},
    keywords = {DS1040, HX, LP, custom mobile device, iCE40, mobile FPGA}
}

@Book{Asorey2012,
  title={Los detectores Cherenkov del observatorio Pierre Auger y su aplicaci{\'o}n al estudio de fondos de radiaci{\'o}n},
  author={Asorey, Hern{\'a}n},
  publisher={Universidad Nacional de Cuyo, Comisi{\'o}n Nacional de Energ{\i}a At{\'o}mica, Argentina},
  pages={418--462},
  year={2012}
}

@article{schlaepfer2003cosmic,
  title={Cosmic Rays. In: Spatium},
  author={Schlaepfer, H},
  journal={International Space Science Institute},
  pages={418--462},
  volume={40},
  year={2003}
}

@article{fukuda2003super,
  title={The super-kamiokande detector},
  author={Fukuda, S and Fukuda, Y and Hayakawa, T and Ichihara, E and Ishitsuka, Masaki and Itow, Y and Kajita, T and Kameda, J and Kaneyuki, K and Kasuga, S and others},
  journal={Nuclear Instruments and Methods in Physics Research Section A: Accelerators, Spectrometers, Detectors and Associated Equipment},
  volume={501},
  number={2-3},
  pages={418--462},
  year={2003},
  publisher={Elsevier}
}

@article{haro2016data,
  title={The data acquisition system of the Latin American Giant Observatory (LAGO)},
  author={Haro, M Sofo and Arnaldi, Luis Horacio and Alvarez, W and Alvarez, C and Araujo, C and Areso, O and Arnaldi, H and Asorey, H and Audelo, M and Barros, H and others},
  journal={Nuclear Instruments and Methods in Physics Research Section A: Accelerators, Spectrometers, Detectors and Associated Equipment},
  volume={820},
  pages={34--39},
  year={2016},
  publisher={Elsevier}
}

@article{abbasi2010calibration,
  title={Calibration and characterization of the IceCube photomultiplier tube},
  author={Abbasi, Rasha and Abdou, Yasser and Abu-Zayyad, T and Adams, J and Aguilar, JA and Ahlers, M and Andeen, K and Auffenberg, J and Bai, X and Baker, M and others},
  journal={Nuclear Instruments and Methods in Physics Research Section A: Accelerators, Spectrometers, Detectors and Associated Equipment},
  volume={618},
  number={1-3},
  pages={139--152},
  year={2010},
  publisher={Elsevier}
}
}

@article{YEPESRAMIREZ2013203,
title = "Characterization of optical properties of the site of the ANTARES neutrino telescope",
journal = "Nuclear Instruments and Methods in Physics Research Section A: Accelerators, Spectrometers, Detectors and Associated Equipment",
volume = "725",
pages = "203 - 206",
year = "2013",
note = "VLVvT 11, Erlangen, Germany, 12 - 14 October, 2011",
issn = "0168-9002",
author ={H. Yepes-Ramírez},
keywords = "Optical properties, Neutrino telescope, Track reconstruction"
}


@phdthesis{phdthesis,
author = {Estupiñán López, Alex and Nunez, Luis and Asorey, Hernán},
year = {2015},
title = {Metodo de Thinning y Dethinning para lluvias de primarios con alta energía}
}

@article{agullo2011evaluacion,
  title={EVALUACI{\'O}N DE LOS FOTOMULTIPLICADORES DE SILICIO (SiPM) COMO ALTERNATIVA A LOS FOTOMULTIPLICADORES DE TUBO DE VAC{\'I}O (PMT) EN UN FRONT-END INTEGRADO PARA APLICACIONES PET},
  author={Agull{\'o} Ant{\'o}n, Mar{\'\i}a Jos{\'e}},
  year={2011}
}

@article{kaptanoglu2018characterization,
  title={Characterization of the Hamamatsu 8” R5912-MOD Photomultiplier tube},
  author={Kaptanoglu, Tanner},
  journal={Nuclear Instruments and Methods in Physics Research Section A: Accelerators, Spectrometers, Detectors and Associated Equipment},
  volume={889},
  pages={69--77},
  year={2018},
  publisher={Elsevier}
}

@phdthesis{wundheiler2013rayos,
  title={Rayos c{\'o}smicos con energ{\'\i}as entre 1E17 y 1E19 eV},
  author={Wundheiler, Brian},
  year={2013},
  school={Universidad de Buenos Aires. Facultad de Ciencias Exactas y Naturales}
}

@phdthesis{Supanitsky2007,
  author="Supanitsky, Alberto D",
  title="{Detectores de Superficie y la Composici{\'o}n Qu{\'i}mica de los Rayos C{\'o}smicos}",
  year="2007",
  school="Universidad de Buenos Aires"
}

@phdthesis{hernandez2018procedimiento,
  title={Procedimiento De Instalacion, Calibracion Y Sincronizacion Del Arreglo De Detectores Cherenkov De Agua (Guane), Para La Deteccion Y Estudio De Rayos Cosmicos En Bucaramanga.},
  author={Hernandez Barajas, Sandra Patricia and Carre{\~n}o, Leon and Fabian, Yesid},
  year={2018},
  school={Universidad Industrial de Santander, Escuela de Ingenier{\'\i}a El{\'e}ctrica~…}
}
@article{XilinxInc.2016IntegratedGuide,
    title = {{Integrated Logic Analyzer v6.2 - LogiCORE IP Product Guide}},
    year = {2016},
    author = {{Xilinx Inc.}},
    pages = {31}
    }